<record><leader>00000cas a22000007a 4500</leader><controlfield tag="001">1605335</controlfield><controlfield tag="008">750907d18771919mnuwr ne      0    0eng d</controlfield><datafield ind1=" " ind2=" " tag="010"><subfield code="a">sn 90060792 </subfield></datafield><datafield ind1=" " ind2=" " tag="040"><subfield code="a">MUL</subfield><subfield code="b">eng</subfield><subfield code="c">MUL</subfield><subfield code="d">MN#</subfield><subfield code="d">OCLCQ</subfield><subfield code="d">OCLCF</subfield><subfield code="d">OCLCO</subfield></datafield><datafield ind1=" " ind2=" " tag="042"><subfield code="a">msc</subfield></datafield><datafield ind1=" " ind2=" " tag="043"><subfield code="a">n-us-mn</subfield></datafield><datafield ind1=" " ind2=" " tag="052"><subfield code="a">4144</subfield><subfield code="b">S17</subfield></datafield><datafield ind1=" " ind2=" " tag="052"><subfield code="a">4143</subfield><subfield code="b">W8</subfield></datafield><datafield ind1="0" ind2="0" tag="245"><subfield code="a">St. Charles union.</subfield></datafield><datafield ind1="0" ind2="0" tag="246"><subfield code="a">Saint Charles union</subfield></datafield><datafield ind1=" " ind2=" " tag="260"><subfield code="a">St. Charles, Winona County, Minn. :</subfield><subfield code="b">J.S. Whiton,</subfield><subfield code="c">1877-1919.</subfield></datafield><datafield ind1=" " ind2=" " tag="300"><subfield code="a">43 v.</subfield></datafield><datafield ind1=" " ind2=" " tag="310"><subfield code="a">Weekly</subfield></datafield><datafield ind1="0" ind2=" " tag="362"><subfield code="a">Vol. 1, no. 1 (Jan. 3, 1877)-v. 43, no. 35 (Aug. 28, 1919).</subfield></datafield><datafield ind1=" " ind2=" " tag="530"><subfield code="a">Available on microfilm from the Minnesota Historical Society.</subfield></datafield><datafield ind1=" " ind2="0" tag="651"><subfield code="a">Saint Charles (Minn.)</subfield><subfield code="v">Newspapers.</subfield></datafield><datafield ind1=" " ind2="7" tag="655"><subfield code="a">Newspapers.</subfield><subfield code="2">fast</subfield><subfield code="0">(OCoLC)fst01423814</subfield></datafield><datafield ind1=" " ind2="7" tag="651"><subfield code="a">Minnesota</subfield><subfield code="z">Saint Charles.</subfield><subfield code="2">fast</subfield><subfield code="0">(OCoLC)fst01237809</subfield></datafield><datafield ind1=" " ind2=" " tag="752"><subfield code="a">United States</subfield><subfield code="b">Minnesota</subfield><subfield code="c">Winona</subfield><subfield code="d">Saint Charles.</subfield></datafield><datafield ind1="0" ind2="7" tag="785"><subfield code="t">Lewiston free press</subfield></datafield><datafield ind1="0" ind2="7" tag="785"><subfield code="t">Winona County union-free press</subfield><subfield code="w">(DLC)sn 90060791</subfield></datafield></record>